@article{einstein,
	author	= "Albert Einstein",
	title	= "{Zur Elektrodynamik bewegter K{\"o}rper}. ({German})
		[{On} the electrodynamics of moving bodies]",
	journal	= "Annalen der Physik",
	volume	= "322",
	number	= "10",
	pages	= "891--921",
	year	= "1905",
	DOI	= "http://dx.doi.org/10.1002/andp.19053221004"
}
 
@book{latexcompanion,
	author	= "Michel Goossens and Frank Mittelbach and Alexander Samarin",
	title	= "The \LaTeX\ Companion",
	year	= "1993",
	publisher	= "Addison-Wesley",
	address	= "Reading, Massachusetts"
}
 
@misc{knuthwebsite,
	author	= "Donald Knuth",
	title	= "Knuth: Computers and Typesetting",
	url	= "http://www-cs-faculty.stanford.edu/\~{}uno/abcde.html"
}

@misc{CapacitiveSensorWebsite,
	author	= "Paul Stoffregen",
	title	= "PaulStoffregen/CapacitiveSensor",
	url	= "https://github.com/PaulStoffregen/CapacitiveSensor"
}

@misc{FastTouchWebsite,
	author	= "Adrian Freed",
	title	= "adrianfreed/FastTouch",
	url	= "https://github.com/adrianfreed/FastTouch"
}

@misc{QTouchADCArduinoWebsite,
	author	= "Jens Geisler",
	title	= "jgeisler0303/QTouchADCArduino",
	url	= "https://github.com/jgeisler0303/QTouchADCArduino"
}

@misc{ADCTouchWebsite,
	author	= "Martin Pittermann",
	title	= "martin2250/ADCTouch",
	url	= "https://github.com/martin2250/ADCTouch"
}

@misc{AnalogTouch,
	author	= "Nico Hood",
	title	= "NicoHood/AnalogTouch",
	url	= "https://github.com/NicoHood/AnalogTouch"
}

